@Book{xie2015,
  title = {Dynamic Documents with {R} and knitr},
  author = {Yihui Xie},
  publisher = {Chapman and Hall/CRC},
  address = {Boca Raton, Florida},
  year = {2015},
  edition = {2nd},
  note = {ISBN 978-1498716963},
  url = {http://yihui.org/knitr/},
}

@article{wiebe2016quantum,
  title={Quantum perceptron models},
  author={Wiebe, Nathan and Kapoor, Ashish and Svore, Krysta M},
  journal={arXiv preprint arXiv:1602.04799},
  year={2016}
}

@inproceedings{grover1996fast,
        title        = {A fast quantum mechanical algorithm for database search},
        author       = {Grover, Lov K},
        year         = 1996,
        booktitle    = {Proceedings of the twenty-eighth annual ACM symposium on Theory of computing},
        pages        = {212--219},
        organization = {ACM}
}
